@article{kingma2013auto,
  title={Auto-encoding variational bayes},
  author={Kingma, Diederik P and Welling, Max},
  journal={arXiv preprint arXiv:1312.6114},
  year={2013}
}

@article{BarelloSparse,
	author = {Barello, Gabriel and Charles, Adam S. and Pillow, Jonathan W.},
	title = {Sparse-Coding Variational Auto-Encoders},
	elocation-id = {399246},
	year = {2018},
	doi = {10.1101/399246},
	publisher = {Cold Spring Harbor Laboratory},
	journal = {bioRxiv}
}

@article{locatello2018challenging,
  title={Challenging common assumptions in the unsupervised learning of disentangled representations},
  author={Locatello, Francesco and Bauer, Stefan and Lucic, Mario and Gelly, Sylvain and Sch{\"o}lkopf, Bernhard and Bachem, Olivier},
  journal={arXiv preprint arXiv:1811.12359},
  year={2018}
}

@inproceedings{sonderby2016ladder,
  title={Ladder variational autoencoders},
  author={S{\o}nderby, Casper Kaae and Raiko, Tapani and Maal{\o}e, Lars and S{\o}nderby, S{\o}ren Kaae and Winther, Ole},
  booktitle={Advances in neural information processing systems},
  pages={3738--3746},
  year={2016}
}

@article{ZiembaV2,
	author = {Ziemba, Corey M. and Freeman, Jeremy and Movshon, J. Anthony and Simoncelli, Eero P.},
	title = {Selectivity and tolerance for visual texture in macaque V2},
	volume = {113},
	number = {22},
	pages = {E3140--E3149},
	year = {2016},
	doi = {10.1073/pnas.1510847113},
	publisher = {National Academy of Sciences},
	issn = {0027-8424},
	URL = {https://www.pnas.org/content/113/22/E3140},
	eprint = {https://www.pnas.org/content/113/22/E3140.full.pdf},
	journal = {Proceedings of the National Academy of Sciences}
}

@article{olshausen1996emergence,
  title={Emergence of simple-cell receptive field properties by learning a sparse code for natural images},
  author={Olshausen, Bruno A and Field, David J},
  journal={Nature},
  volume={381},
  number={6583},
  pages={607},
  year={1996},
  publisher={Nature Publishing Group}
}

@article{theis2017lossy,
  title={Lossy image compression with compressive autoencoders},
  author={Theis, Lucas and Shi, Wenzhe and Cunningham, Andrew and Husz{\'a}r, Ferenc},
  journal={arXiv preprint arXiv:1703.00395},
  year={2017}
}

@inproceedings{ronneberger2015u,
  title={U-net: Convolutional networks for biomedical image segmentation},
  author={Ronneberger, Olaf and Fischer, Philipp and Brox, Thomas},
  booktitle={International Conference on Medical image computing and computer-assisted intervention},
  pages={234--241},
  year={2015},
  organization={Springer}
}

@misc{chollet2015keras,
  title={Keras},
  author={Chollet, Fran\c{c}ois and others},
  year={2015},
  publisher={GitHub},
  howpublished={\url{https://github.com/fchollet/keras}},
}
